

@article{bucher2020conciliating,
  title={Conciliating perspectives from mapping agencies and web of data on successful European SDIs: Toward a European geographic knowledge graph},
  author={Bucher, B{\'e}n{\'e}dicte and Tiainen, Esa and Ellett von Brasch, Thomas and Janssen, Paul and Kotzinos, Dimitris and {\v{C}}eh, Marjan and Rijsdijk, Martijn and Folmer, Erwin and Van Damme, Marie-Dominique and Zhral, Mehdi},
  journal={ISPRS international journal of geo-information},
  volume={9},
  number={2},
  pages={62},
  year={2020},
  publisher={MDPI}
}



@article{dunnning2020planning,
  title={Planning control and the politics of soft densification},
  author={Dunnning, R and Hickman, Hannah and While, Aidan},
  journal={Town Planning Review},
  volume={91},
  number={3},
  pages={305--324},
  year={2020},
  publisher={Liverpool University Press}
}


@article{bucher2021towards,
  title={Towards Culture-Aware Smart and Sustainable Cities: Integrating Historical Sources in Spatial Information Infrastructures},
  author={Bucher, B{\'e}n{\'e}dicte and Hein, Carola and Raines, Dorit and Gouet Brunet, Val{\'e}rie},
  journal={ISPRS International Journal of Geo-Information},
  volume={10},
  number={9},
  pages={588},
  year={2021},
  publisher={MDPI}
}



@article{hartmann2019diversity,
  title={From diversity to justice--Unraveling pluralistic rationalities in urban design},
  author={Hartmann, Thomas and Jehling, Mathias},
  journal={Cities},
  volume={91},
  pages={58--63},
  year={2019},
  publisher={Elsevier}
}



@article{jehling2020densification,
  title={Densification in suburban Germany: approaching policy and space through concepts of justice},
  author={Jehling, Mathias and Schorcht, Martin and Hartmann, Thomas},
  journal={TPR: Town Planning Review},
  volume={91},
  number={3},
  year={2020}
}

@article{olteanu2015knowledge,
  title={Knowledge formalization for vector data matching using belief theory},
  author={Olteanu-Raimond, Ana-Maria and Mustiere, Sebastien and Ruas, Anne},
  journal={Journal of Spatial Information Science},
  volume={10},
  pages={21--46},
  year={2015}
}


